@online{2mil,
  author = {Liz Upton},
  title = {TWO MILLION!},
  year = {2013},
  url = {http://www.raspberrypi.org/two-million/},
}

@online{Broadcom-BCM2835-Website,
  url = {http://www.broadcom.com/products/BCM2835},
  title = {BCM2835 Media Processor; Broadcom},
  publisher = {Broadcom.com},
  date = {1 September 2011},
}

@article{quenot1998particle,
  title={Particle image velocimetry with optical flow},
  author={Qu{\'e}not, Georges M and Pakleza, Jaroslaw and Kowalewski, Tomasz A},
  journal={Experiments in fluids},
  volume={25},
  number={3},
  pages={177--189},
  year={1998},
  publisher={Springer}
}

@inproceedings{speckle,
  title={Ultrasonic biomechanical strain gauge based on speckle tracking},
  author={Bertrand, M and Meunier, J and Doucet, M and Ferland, G},
  booktitle={Ultrasonics Symposium, 1989. Proceedings., IEEE 1989},
  pages={859--863},
  year={1989},
  organization={IEEE}
}

@article{harris2012characterizing,
  title={Characterizing the mechanics of cultured cell monolayers},
  author={Harris, Andrew R and Peter, Loic and Bellis, Julien and Baum, Buzz and Kabla, Alexandre J and Charras, Guillaume T},
  journal={Proceedings of the National Academy of Sciences},
  volume={109},
  number={41},
  pages={16449--16454},
  year={2012},
  publisher={National Acad Sciences}
}

@article{huston2008visuomotor,
  title={Visuomotor transformation in the fly gaze stabilization system},
  author={Huston, Stephen J and Krapp, Holger G},
  journal={PLoS biology},
  volume={6},
  number={7},
  pages={e173},
  year={2008},
  publisher={Public Library of Science}
}

@InProceedings{farneback,
  author         = {Gunnar Farneb{\"a}ck},                                     
  title          = {Two-Frame Motion Estimation Based on Polynomial Expansion},
  booktitle      = {Proceedings of the 13th Scandinavian Conference on Image   
  Analysis},                                                  
  pages          = {363--370},                                                 
  year           = {2003},                                                     
  series         = {{LNCS} 2749},                                              
  address        = {Gothenburg, Sweden},                                       
  month          = {June-July}
}

@inproceedings{lucas-kanade,
  author = {Lucas, Bruce D. and Kanade, Takeo},
  title = {An Iterative Image Registration Technique with an Application to Stereo Vision},
  booktitle = {Proceedings of the 7th International Joint Conference on Artificial Intelligence - Volume 2},
  series = {IJCAI'81},
  year = {1981},
  location = {Vancouver, BC, Canada},
  pages = {674--679},
  numpages = {6},
  acmid = {1623280},
  publisher = {Morgan Kaufmann Publishers Inc.},
  address = {San Francisco, CA, USA},
}       

@article{simpleflow,
  title = {SimpleFlow: A Non-iterative, Sublinear Optical Flow Algorithm},
  journal = {Computer Graphics Forum (Eurographics 2012)},
  author = {Michael W. Tao and Jiamin Bai and Pushmeet Kohli and Sylvain Paris},
  number = 2,
  month = may,
  volume = 31,
  year = 2012,
  url = {http://graphics.berkeley.edu/papers/Tao-SAN-2012-05/},
}

@inproceedings{rosenberg1997representing,
  title={Representing local motion as a probability distribution matrix applied to object tracking},
  author={Rosenberg, Y and Werman, M},
  booktitle={Proceedings of the International Conference on Computer Vision and Pattern Recognition},
  pages={654--659},
  year={1997}
}

@phdthesis{lucas,
  author = "Bruce D. Lucas",
  title = "Generalized Image Matching by the Method of Differences",
  booktitle = "",
  school = "Robotics Institute, Carnegie Mellon University",
  month = "July",
  year = "1984",
}

@misc{opencv,
  title = {{OpenCV} {\textbar} {OpenCV}},
  url = {http://opencv.org/},
}

@misc{uv4l,
  title = {Linux Projects - Documentation},
  url = {http://www.linux-projects.org/modules/sections/index.php?op=viewarticle&artid=14},
}

@misc{simplecv,
  title = {SimpleCV},
  url = {http://simple.org/},
}

@article{harris2012characterizing,
  title={Characterizing the mechanics of cultured cell monolayers},
  author={Harris, Andrew R and Peter, Loic and Bellis, Julien and Baum, Buzz and Kabla, Alexandre J and Charras, Guillaume T},
  journal={Proceedings of the National Academy of Sciences},
  volume={109},
  number={41},
  pages={16449--16454},
  year={2012},
  publisher={National Acad Sciences}
}

@online{github,
    author = {Jamie Magee},
    year = {2013},
    title = {Github - JamieMagee/IIB-Project},
    url = {https://github.com/JamieMagee/IIB-Project},
}

@online{raspistill,
  title = {RASPISTILL},
  url = {http://www.raspberrypi.org/documentation/usage/camera/raspicam/raspistill.md},
}

@article{chen2013new,
  title={New measurement method of Poisson's ratio of PVA hydrogels using an optical flow analysis for a digital imaging system},
  author={Chen, Feifei and Kang, Dong-Joong and Park, Jun-Hyub},
  journal={Measurement Science and Technology},
  volume={24},
  number={5},
  pages={055602},
  year={2013},
  publisher={IOP Publishing}
}