@InProceedings{farneback,
  author         = {Gunnar Farneb{\"a}ck},                                     
  title          = {Two-Frame Motion Estimation Based on Polynomial Expansion},
  booktitle      = {Proceedings of the 13th Scandinavian Conference on Image   
                   Analysis},                                                  
  pages          = {363--370},                                                 
  year           = {2003},                                                     
  series         = {{LNCS} 2749},                                              
  address        = {Gothenburg, Sweden},                                       
  month          = {June-July}
}

@inproceedings{lucas-kanade,
  author = {Lucas, Bruce D. and Kanade, Takeo},
  title = {An Iterative Image Registration Technique with an Application to Stereo Vision},
  booktitle = {Proceedings of the 7th International Joint Conference on Artificial Intelligence - Volume 2},
  series = {IJCAI'81},
  year = {1981},
  location = {Vancouver, BC, Canada},
  pages = {674--679},
  numpages = {6},
  acmid = {1623280},
  publisher = {Morgan Kaufmann Publishers Inc.},
  address = {San Francisco, CA, USA},
}       

@article{simpleflow,
  title = {SimpleFlow: A Non-iterative, Sublinear Optical Flow Algorithm},
  journal = {Computer Graphics Forum (Eurographics 2012)},
  author = {Michael W. Tao and Jiamin Bai and Pushmeet Kohli and Sylvain Paris},
  number = 2,
  month = may,
  volume = 31,
  year = 2012,
  url = {http://graphics.berkeley.edu/papers/Tao-SAN-2012-05/},
}

@phdthesis{lucas,
   author = "Bruce D. Lucas",
   title = "Generalized Image Matching by the Method of Differences",
   booktitle = "",
   school = "Robotics Institute, Carnegie Mellon University",
   month = "July",
   year = "1984",
}

@misc{opencv,
  title = {{OpenCV} {\textbar} {OpenCV}},
  url = {http://opencv.org/},
  note = "[Online; accessed 15-December-2013]"
}

@misc{uv4l,
  title = {Linux Projects - Documentation},
  url = {http://www.linux-projects.org/modules/sections/index.php?op=viewarticle&artid=14},
  note = "[Online; accessed 15-December-2013]"
}

@misc{simplecv,
  title = {SimpleCV},
  url = {http://simple.org/},
  note = "[Online; accessed 15-December-2013]"
}

@misc{openlabtools,
  title = {OpenLabTools},
  url = {http://openlabtools.org/},
  note = "[Online; accessed 15-December-2013]"
}

@inproceedings{speckle,
  title={Ultrasonic biomechanical strain gauge based on speckle tracking},
  author={Bertrand, M and Meunier, J and Doucet, M and Ferland, G},
  booktitle={Ultrasonics Symposium, 1989. Proceedings., IEEE 1989},
  pages={859--863},
  year={1989},
  organization={IEEE}
}

@article{quenot1998particle,
  title={Particle image velocimetry with optical flow},
  author={Qu{\'e}not, Georges M and Pakleza, Jaroslaw and Kowalewski, Tomasz A},
  journal={Experiments in fluids},
  volume={25},
  number={3},
  pages={177--189},
  year={1998},
  publisher={Springer}
}

@article{harris2012characterizing,
  title={Characterizing the mechanics of cultured cell monolayers},
  author={Harris, Andrew R and Peter, Loic and Bellis, Julien and Baum, Buzz and Kabla, Alexandre J and Charras, Guillaume T},
  journal={Proceedings of the National Academy of Sciences},
  volume={109},
  number={41},
  pages={16449--16454},
  year={2012},
  publisher={National Acad Sciences}
}

@inproceedings{harris1988combined,
  title={A combined corner and edge detector.},
  author={Harris, Chris and Stephens, Mike},
  booktitle={Alvey vision conference},
  volume={15},
  pages={50},
  year={1988},
  organization={Manchester, UK}
}

@article{canny1986computational,
  title={A computational approach to edge detection},
  author={Canny, John},
  journal={Pattern Analysis and Machine Intelligence, IEEE Transactions on},
  number={6},
  pages={679--698},
  year={1986},
  publisher={IEEE}
}

@inproceedings{shi1994good,
  title={Good features to track},
  author={Shi, Jianbo and Tomasi, Carlo},
  booktitle={Computer Vision and Pattern Recognition, 1994. Proceedings CVPR'94., 1994 IEEE Computer Society Conference on},
  pages={593--600},
  year={1994},
  organization={IEEE}
}